<?xml version="1.0" encoding="UTF-8"?><collection xmlns="http://www.loc.gov/MARC21/slim"><record><leader>00632nam--2200181-i-4500</leader><controlfield tag="001">000031049</controlfield><controlfield tag="002">20161230</controlfield><controlfield tag="005">20161230201038</controlfield><controlfield tag="008">060222s1000------------r-----000-0-eng-d</controlfield><datafield ind1=" " ind2=" " tag="040"><subfield code="a">IFIN-HH</subfield></datafield><datafield ind1=" " ind2=" " tag="080"><subfield code="a">538.911:548.4:537.222.22</subfield></datafield><datafield ind1="1" ind2=" " tag="100"><subfield code="a">Wallis, R.F</subfield></datafield><datafield ind1="1" ind2="0" tag="245"><subfield code="a">Localized excitations in solids</subfield><subfield code="b">Proceedings of the first international conference on locaalized excitations in solids, held at the university of california at irvine, september 18-22, 1967</subfield><subfield code="c">R.f. wallis (ed.)</subfield></datafield><datafield ind1=" " ind2=" " tag="260"><subfield code="a">New York</subfield><subfield code="b">Plenum Press</subfield><subfield code="c">1968</subfield></datafield><datafield ind1=" " ind2=" " tag="300"><subfield code="a">XVI+782P</subfield></datafield><datafield ind1=" " ind2=" " tag="490"><subfield code="a">Proceedings</subfield></datafield><datafield ind1=" " ind2=" " tag="852"><subfield code="a">30035</subfield><subfield code="c">539.2</subfield></datafield><datafield ind1=" " ind2=" " tag="CAT"><subfield code="a">Sys</subfield><subfield code="c">20121015</subfield><subfield code="h">170709</subfield></datafield></record></collection>